@article{zhang2010named,
  title={Named data networking (ndn) project},
  author={Zhang, Lixia and Estrin, Deborah and Burke, Jeffrey and Jacobson, Van and Thornton, James D and Smetters, Diana K and Zhang, Beichuan and Tsudik, Gene and Massey, Dan and Papadopoulos, Christos and others},
  journal={Relat{\'o}rio T{\'e}cnico NDN-0001, Xerox Palo Alto Research Center-PARC},
  year={2010},
  publisher={Citeseer}
}

@misc{ccnr,
  title={CCNx Repository Protocols},
  note={\url{http://www.ccnx.org/releases/latest/doc/technical/RepoProtocol.html}}
}

@misc{signed-interest,
  title={Signed Interest},
  note={\url{http://redmine.named-data.net/projects/ndn-cxx/wiki/SignedInterest}}
}

@misc{ndn-packet,
  title={NDN Packet Format Specification},
  note={\url{http://named-data.net/doc/ndn-tlv/}},
}

@article{pugh1990skip,
  title={Skip lists: a probabilistic alternative to balanced trees},
  author={Pugh, William},
  journal={Communications of the ACM},
  volume={33},
  number={6},
  pages={668--676},
  year={1990},
  publisher={ACM}
}

@misc{validconf,
  title={Validator Configuration File Format},
  note={\url{http://redmine.named-data.net/projects/ndn-cxx/wiki/CommandValidatorConf}},
}

@misc{ndn-cxx,
  title={ndn-cxx: NDN C++ library with eXperimental eXtensions},
  note={\url{http://redmine.named-data.net/projects/ndn-cxx/wiki}},
}

@misc{NFD,
  title={NFD: New Named Data Networking forwarding Daemon},
  note={\url{http://redmine.named-data.net/projects/nfd/wiki}},
}

@misc{ccnd,
  title={ccnd},
  note={\url{http://www.ccnx.org/releases/latest/doc/manpages/ccnd.1.html}}
}

@inproceedings{clark1990architectural,
  title={Architectural considerations for a new generation of protocols},
  author={Clark, David D and Tennenhouse, David L},
  booktitle={ACM SIGCOMM Computer Communication Review},
  volume={20},
  number={4},
  pages={200--208},
  year={1990},
  organization={ACM}
}
